@article{robertson,
	title={The four-colour theorem},
	author={Robertson, Neil and Sanders, Daniel and Seymour, Paul and Thomas, Robin},
	journal={Journal of Combinatorial Theory, Series B},
	volume={70},
	number={1},
	pages={2--44},
	year=1997,
	publisher={Elsevier},
	keywords={paper}
}

@online{laszlo,
	author = {Combinatorics and Optimization University of Waterloo},
	title =  {{S}iGMa 2017 L\'{a}szl\'{o} Mikl\'{o}s Lov\'{a}sz, Extremal graph theory and finite forcibility},
	year = 2017,
	url = {https://www.youtube.com/watch?v=OfPf4qA1x_k},
	urldate = {2018-06-05},
	keywords={online}
}

@book{lovacz,
	title={Discrete mathematics, elementary and beyond},
	author={Lov\'{a}cz, L, J. Pelik{\'a}n and K. Vesztergombi},
	year= 2003,
	publisher={Springer Undergraduate Text in Mathematics},
	pages = {189--218},
	keywords={book}
}

@phdthesis{errera,
	author       = {Errera, Alfred}, 
	title        = {Du coloriage des cartes et de quelques questions d'analysis situs},
	school       = {Paris: Gauthier-Villars},
	year         = 1921
}