% Encoding: UTF-8

@Book{Mariconda2016,
  title     = {Discrete calculus},
  publisher = {Springer International Publishing},
  year      = {2016},
  author    = {Mariconda, Carlo and Tonolo, Alberto},
  editor    = {Alfio Quarteroni},
  volume    = {103},
  series    = {UNITEXT - La Matematica per il 3+2},
  isbn      = {978-3-319-03037-1},
  doi       = {10.1007/978-3-319-03038-8},
  subtitle  = {Methods for counting},
}

@Comment{jabref-meta: databaseType:bibtex;}
